
@Manual{R-gravitas,
    title = {{gravitas}: Explore Probability Distributions for Bivariate Temporal
Granularities},
    author = {Sayani Gupta and Rob Hyndman and Di Cook and Antony Unwin},
    year = {2019},
    note = {R package version 0.1.0},
    url = {https://CRAN.R-project.org/package=gravitas},
  }
  
@Manual{R-dplyr,
  title = {dplyr: A Grammar of Data Manipulation},
  author = {Hadley Wickham and Romain François and Lionel Henry and Kirill Müller},
  year = {2019},
  note = {R package version 0.8.3},
  url = {https://CRAN.R-project.org/package=dplyr},
}


@Manual{R-magrittr,
  title = {magrittr: A Forward-Pipe Operator for R},
  author = {Stefan Milton Bache and Hadley Wickham},
  year = {2014},
  note = {R package version 1.5},
  url = {https://CRAN.R-project.org/package=magrittr},
}

@Manual{R-rlang,
  title = {rlang: Functions for Base Types and Core R and 'Tidyverse' Features},
  author = {Lionel Henry and Hadley Wickham},
  year = {2019},
  note = {R package version 0.4.0},
  url = {https://CRAN.R-project.org/package=rlang},
}

@Manual{R-tidyr,
  title = {tidyr: Tidy Messy Data},
  author = {Hadley Wickham and Lionel Henry},
  year = {2019},
  note = {http://tidyr.tidyverse.org, https://github.com/tidyverse/tidyr},
}
@Manual{R-tsibble,
  title = {tsibble: Tidy Temporal Data Frames and Tools},
  author = {Earo Wang and Di Cook and Rob Hyndman and Mitchell O'Hara-Wild},
  year = {2019},
  note = {R package version 0.8.3.9000},
  url = {https://tsibble.tidyverts.org},
}

@Manual{R-knitr,
    title = {knitr: A General-Purpose Package for Dynamic Report Generation in R},
    author = {Yihui Xie},
    year = {2020},
    note = {R package version 1.28},
    url = {https://yihui.org/knitr/},
  }
  
@Manual{R-rmarkdown,
    title = {rmarkdown: Dynamic Documents for R},
    author = {JJ Allaire and Yihui Xie and Jonathan McPherson and Javier Luraschi and Kevin Ushey and Aron Atkins and Hadley Wickham and Joe Cheng and Winston Chang and Richard Iannone},
    year = {2020},
    note = {R package version 2.1},
    url = {https://github.com/rstudio/rmarkdown},
  }

@Manual{R-language,
    title = {R: A Language and Environment for Statistical Computing},
    author = {{R Core Team}},
    organization = {R Foundation for Statistical Computing},
    address = {Vienna, Austria},
    year = {2019},
    url = {https://www.R-project.org/},
  }


